Journals:

@string{ ACHA            = "Appl. Comput. Harm. Anal."}
@string{ ANNM            = "Ann. of Math."}
@string{ ANNMS           = "Ann. of Math. Statist."}
@string{ ANNP            = "Ann. Probab."}
@string{ BSTJ            = "Bell Syst. Tech. J."}
@string{ CACM            = "Comm. ACM"}
@string{ CCR             = "Comp. Comm. Rev."}
@string{ Computer        = "Computer"}
@string{ IEEE-Proc       = "Proc. IEEE"}
@string{ IRE-Proc        = "Proc. IRE"}
@string{ IEEE-Network    = "IEEE Network"}
@string{ IEEE-JSAC       = "IEEE J. Sel. Areas Comm."}
@string{ IEEE-SP-Let     = "IEEE Sig. Proc. Let."}
@string{ IEEE-SP-Mag     = "IEEE Sig. Proc. Mag."}
@string{ IEEE-Trans-AC   = "IEEE Trans. Automat. Control"}
@string{ IEEE-Trans-ASSP = "IEEE Trans. Acoust. Speech Signal Proc."} 
@string{ IEEE-Trans-CE   = "IEEE Trans. Consum. Electron."}
@string{ IEEE-Trans-CS   = "IEEE Trans. Circuits Syst."}
@string{ IEEE-Trans-CS2  = "IEEE Trans. Circuits Syst.--II: Anal. Dig. Sig. Proc."}
@string{ IEEE-Trans-CSVT = "IEEE Trans. Circuits Syst. Video Technol."}
@string{ IEEE-Trans-Comm = "IEEE Trans. Comm."}
@string{ IEEE-Trans-CommSys = "IEEE Trans. Commun. Syst."}
@string{ IEEE-Trans-Comp = "IEEE Trans. Comp."}
@string{ IEEE-Trans-IM   = "IEEE Trans. Intrum. Meas."}
@string{ IEEE-Trans-IP   = "IEEE Trans. Image Proc."}
@string{ IEEE-Trans-IT   = "IEEE Trans. Inform. Th."}
@string{ IRE-Trans-IT    = "IRE Trans. Inform. Th."}
@string{ IEEE-Trans-Mm   = "IEEE Trans. Multimedia"}
@string{ IEEE-ACM-Network = "IEEE/ACM Trans. Networking"}
@string{ IEEE-ITSoc-News = "IEEE Inform. Th. Soc. Newsletter"}
@string{ IEEE-Trans-PAMI = "IEEE Trans. Pattern Anal. and Mach. Int."}
@string{ IEEE-Trans-SAP  = "IEEE Trans. Speech Audio Proc."}
@string{ IEEE-Trans-SP   = "IEEE Trans. Signal Proc."}
@string{ IEEE-Trans-SMC  = "IEEE Trans. on Syst. Man and Cybernetics"}
@string{ IEEE-Trans-SMC3 = "IEEE Trans. on Syst. Man and
                            Cybernetics--Pt.\ C: Appl. \& Rev."}
@string{ JASA            = "J. Amer. Stat. Assoc."}
@string{ JFAA            = "J. Fourier Anal. Appl."}
@string{ PAMS            = "Proc. Amer. Math. Soc."}
@string{ PPI             = "Probl. Peredach. Inform."}
@string{ SP              = "Signal Proc."}
@string{ TAMS            = "Trans. Amer. Math. Soc."}
@string{ TPA             = "Theory Probab. Appl."}

Conferences:

@string{ asilomar   = "Conf. Rec. Asilomar Conf. on Sig., Sys. \& Computers"}
@string{ asilomar-loc = "Pacific Grove, CA"}
@string{ acc        = "Proc. IEEE Amer. Contr. Conf."}
@string{ cdc        = "Proc. IEEE Conf. Dec. \& Contr."}
@string{ ciss            = "Proc. Conf. on Inform. Sci. \& Sys."}
@string{ dcc             = "Proc. IEEE Data Compression Conf."}
@string{ dcc-eds         = ""}
@string{ dcc-pub         = ""}
@string{ dcc-loc         = "Snowbird, Utah"}
@string{ icaos96         = "Proc. 12th Int. Conf. Anal. \& Opt. of Sys.: Images, Wavelets \& PDE's"}
@string{ icassp     = "Proc. IEEE Int. Conf. Acoust., Speech, and Signal Proc."}
@string{ icc        = "Proc. IEEE Int. Conf. Comm."}
@string{ icip       = "Proc. IEEE Int. Conf. Image Proc."}
@string{ isit       = "Proc. IEEE Int. Symp. Inform. Th."}
@string{ ist-spie        = "Proc. IS~\&~T/SPIE"}
@string{ nossdav98       = "Proc. 8th Int. Workshop Netw. Operating Syst. Supp.
                            for Dig. Aud. Vid. (NOSSDAV)"}
@string{ nossdav99       = "Proc. 9th Int. Workshop Netw. Operating Syst. Supp.
                            for Dig. Aud. Vid. (NOSSDAV)"}
@string{ vcip            = "Proc. SPIE Conf. on Vis. Commun. and Image Proc."}
@string{ wavx            = "Proc. Wavelets: Appl. in Sig. \& Image Proc. X,
                            part of SPIE Int. Symp. on Optical Sci. \& Tech."}

         { dcc-eds         = "J. A. Storer and M. Cohn"}
         { dcc-pub         = "IEEE Comp. Soc. Press"}

Other:

@STRING{ kluwer          = "Kluwer Acad. Pub."}
@STRING{ icsi            = "Int. Comp. Sci. Instit."}

@preamble{ "\newcommand{\SortNoop}[1]{} " }

------------------------------------------------------------------------
 
@ARTICLE{Article,
        AUTHOR =        {},
        TITLE =         {},
        JOURNAL =       {},
        Volume =        {},
        Number =        {},
        Pages =         {},
        Month =         {},
        YEAR =          {},
        Note =          {},
        summary =       {}
        }
@BOOK{Book,
        AUTHOR =        {},
        editor =        {},
        TITLE =         {},
        PUBLISHER =     {},
        YEAR =          {},
        Volume =        {},
        number =        {},
        Series =        {},
        Address =       {},
        Edition =       {},
        Month =         {},
        Note =          {},
        summary =       {}
        }
@BOOKLET{Booklet,
        TITLE =         {},
        Author =        {},
        Howpublished =  {},
        Address =       {},
        Month =         {},
        Year =          {},
        Note =          {},
        summary =       {}
        }
@INBOOK{Inbook,
        AUTHOR =        {},
        editor =        {},
        TITLE =         {},
        CHAPTER =       {},
        pages =         {},
        PUBLISHER =     {},
        YEAR =          {},
        Volume =        {},
        number =        {},
        Series =        {},
        Type =          {},
        Address =       {},
        Edition =       {},
        Month =         {},
        Note =          {},
        summary =       {}
        }
@INCOLLECTION{Incollection,
        AUTHOR =        {},
        TITLE =         {},
        BOOKTITLE =     {},
        PUBLISHER =     {},
        YEAR =          {},
        Editor =        {},
        Volume =        {},
        number =        {},
        Series =        {},
        Type =          {},
        Chapter =       {},
        Pages =         {},
        Address =       {},
        Edition =       {},
        Month =         {},
        Note =          {},
        summary =       {}
        }
@INPROCEEDINGS{Inproceedings,
        AUTHOR =        {},
        TITLE =         {},
        BOOKTITLE =     {},
        YEAR =          {},
        Editor =        {},
        Volume =        {},
        number =        {},
        Series =        {},
        Pages =         {},
        Address =       {},
        Month =         {},
        Organization =  {},
        Publisher =     {},
        Note =          {},
        summary =       {}
        }
@MANUAL{Manual,
        TITLE =         {},
        Author =        {},
        Organization =  {},
        Address =       {},
        Edition =       {},
        Month =         {},
        Year =          {},
        Note =          {},
        summary =       {}
        }
@MASTERSTHESIS{Mastersthesis,
        AUTHOR =        {},
        TITLE =         {},
        SCHOOL =        {},
        YEAR =          {},
        Type =          {},
        Address =       {},
        Month =         {},
        Note =          {},
        summary =       {}
        }
@MISC{Misc,
        Author =        {},
        Title =         {},
        Howpublished =  {},
        Month =         {},
        Year =          {},
        Note =          {},
        summary =       {}
        }
@PHDTHESIS{Phdthesis,
        AUTHOR =        {},
        TITLE =         {},
        SCHOOL =        {},
        YEAR =          {},
        Type =          {},
        Address =       {},
        Month =         {},
        Note =          {},
        summary =       {}
        }
@PROCEEDINGS{Proceedings,
        TITLE =         {},
        YEAR =          {},
        Editor =        {},
        Volume =        {},
        number =        {},
        Series =        {},
        Address =       {},
        Month =         {},
        Organization =  {},
        Publisher =     {},
        Note =          {},
        summary =       {}
        }
@TECHREPORT{Techreport,
        AUTHOR =        {},
        TITLE =         {},
        INSTITUTION =   {},
        YEAR =          {},
        Type =          {},
        Number =        {},
        Address =       {},
        Month =         {},
        Note =          {},
        summary =       {}
        }
@UNPUBLISHED{Unpublished,
        AUTHOR =        {},
        TITLE =         {},
        NOTE =          {},
        Month =         {},
        Year =          {},
        summary =       {}
        }

------------------------------------------------------------------------

@MANUAL{IntelManual,
        TITLE =         {IntelÂ® 64 and IA-32 Architectures Optimization Reference Manual},
        Author =        {},
        Organization =  {Intel},
        Address =       {},
        Edition =       {248966-018},
        Month =         {March},
        Year =          {2009},
        Note =          {},
        summary =       {}
        }

@inproceedings{Logozzo2008,
  author    = {Francesco Logozzo and
               Manuel F{\"a}hndrich},
  title     = {Pentagons: a weakly relational abstract domain for the efficient
               validation of array accesses},
  booktitle = {SAC},
  year      = {2008},
  pages     = {184-188},
  ee        = {http://doi.acm.org/10.1145/1363686.1363736},
  crossref  = {DBLP:conf/sac/2008},
  bibsource = {DBLP, http://dblp.uni-trier.de}
}

@proceedings{DBLP:conf/sac/2008,
  editor    = {Roger L. Wainwright and
               Hisham Haddad},
  title     = {Proceedings of the 2008 ACM Symposium on Applied Computing
               (SAC), Fortaleza, Ceara, Brazil, March 16-20, 2008},
  booktitle = {SAC},
  publisher = {ACM},
  year      = {2008},
  isbn      = {978-1-59593-753-7},
  bibsource = {DBLP, http://dblp.uni-trier.de}
}

@inproceedings{Pueschel2006,
 author = {Han, Sung-Chul and Franchetti, Franz and P\"{u}schel, Markus},
 title = {Program Generation for the All-pairs Shortest Path Problem},
 booktitle = {Proceedings of the 15th International Conference on Parallel Architectures and Compilation Techniques},
 series = {PACT '06},
 year = {2006},
 isbn = {1-59593-264-X},
 location = {Seattle, Washington, USA},
 pages = {222--232},
 numpages = {11},
 url = {http://doi.acm.org/10.1145/1152154.1152189},
 doi = {10.1145/1152154.1152189},
 acmid = {1152189},
 publisher = {ACM},
 address = {New York, NY, USA},
 keywords = {Floyd-Warshall algorithm, SIMD vectorization, blocking, empirical search, tiling},
}

@article{Floyd1962,
 author = {Floyd, Robert W.},
 title = {Algorithm 97: Shortest Path},
 journal = {Commun. ACM},
 issue_date = {June 1962},
 volume = {5},
 number = {6},
 month = jun,
 year = {1962},
 issn = {0001-0782},
 pages = {345--},
 url = {http://doi.acm.org/10.1145/367766.368168},
 doi = {10.1145/367766.368168},
 acmid = {368168},
 publisher = {ACM},
 address = {New York, NY, USA},
} 
